@article{Akhtar2018ThreatOA,
	title={Threat of Adversarial Attacks on Deep Learning in Computer Vision: A Survey},
	author={Naveed Akhtar and A. Mian},
	journal={IEEE Access},
	year={2018},
	volume={6},
	pages={14410-14430}
}

@online{Heaven2019DLFool,
	author={Douglas Heaven},
	title={Why deep-learning AIs are so easy to fool},
	date={2019-10},
	url={https://www.nature.com/articles/d41586-019-03013-5}
}

@article{Evtimov2017RobustPA,
	title={Robust Physical-World Attacks on Deep Learning Models},
	author={I. Evtimov and Kevin Eykholt and Earlence Fernandes and T. Kohno and B. Li and Atul Prakash and Amir Rahmati and D. Song},
	journal={arXiv: Cryptography and Security},
	year={2017}
}

@article{Helmstaedter2013ConnectomicRO,
	title={Connectomic reconstruction of the inner plexiform layer in the mouse retina},
	author={M. Helmstaedter and K. Briggman and Srinivas C. Turaga and Viren Jain and H. Seung and W. Denk},
	journal={Nature},
	year={2013},
	volume={500},
	pages={168-174}
}

@article{Xiong2015TheHS,
	title={The human splicing code reveals new insights into the genetic determinants of disease},
	author={H. Y. Xiong and B. Alipanahi and Leo J. Lee and Hannes Bretschneider and D. Merico and R. Yuen and Y. Hua and Serge Gueroussov and H. Najafabadi and T. Hughes and Q. Morris and Y. Barash and A. Krainer and N. Jojic and S. Scherer and B. Blencowe and B. Frey},
	journal={Science},
	year={2015},
	volume={347}
}

@article{Hinton2012DeepNN,
	title={Deep Neural Networks for Acoustic Modeling in Speech Recognition},
	author={Geoffrey E. Hinton and L. Deng and Dong Yu and George E. Dahl and Abdel-rahman Mohamed and Navdeep Jaitly and A. Senior and V. Vanhoucke and P. Nguyen and T. Sainath and Brian Kingsbury},
	journal={IEEE Signal Processing Magazine},
	year={2012},
	volume={29},
	pages={82}
}

@inproceedings{Sutskever2014SequenceTS,
	title={Sequence to Sequence Learning with Neural Networks},
	author={Ilya Sutskever and Oriol Vinyals and Quoc V. Le},
	booktitle={NIPS},
	year={2014}
}

@article{Szegedy2016RethinkingTI,
	title={Rethinking the Inception Architecture for Computer Vision},
	author={Christian Szegedy and V. Vanhoucke and S. Ioffe and Jonathon Shlens and Z. Wojna},
	journal={2016 IEEE Conference on Computer Vision and Pattern Recognition (CVPR)},
	year={2016},
	pages={2818-2826}
}

@article{He2016DeepRL,
	title={Deep Residual Learning for Image Recognition},
	author={Kaiming He and X. Zhang and Shaoqing Ren and Jian Sun},
	journal={2016 IEEE Conference on Computer Vision and Pattern Recognition (CVPR)},
	year={2016},
	pages={770-778}
}

@article{Vedaldi2015MatConvNetCN,
	title={MatConvNet: Convolutional Neural Networks for MATLAB},
	author={A. Vedaldi and Karel Lenc},
	journal={Proceedings of the 23rd ACM international conference on Multimedia},
	year={2015}
}

@article{Jia2014CaffeCA,
	title={Caffe: Convolutional Architecture for Fast Feature Embedding},
	author={Y. Jia and Evan Shelhamer and Jeff Donahue and S. Karayev and Jonathan Long and Ross B. Girshick and S. Guadarrama and Trevor Darrell},
	journal={Proceedings of the 22nd ACM international conference on Multimedia},
	year={2014}
}

@article{Abadi2016TensorFlowLM,
	title={TensorFlow: Large-Scale Machine Learning on Heterogeneous Distributed Systems},
	author={Mart{\'i}n Abadi and Ashish Agarwal and P. Barham and E. Brevdo and Z. Chen and C. Citro and G. Corrado and Andy Davis and J. Dean and M. Devin and S. Ghemawat and I. Goodfellow and Andrew Harp and Geoffrey Irving and M. Isard and Y. Jia and R. J{\'o}zefowicz and Lukasz Kaiser and M. Kudlur and Josh Levenberg and Dandelion Man{\'e} and Rajat Monga and Sherry Moore and D. Murray and Christopher Olah and M. Schuster and Jonathon Shlens and Benoit Steiner and Ilya Sutskever and Kunal Talwar and P. Tucker and V. Vanhoucke and Vijay Vasudevan and F. Vi{\'e}gas and Oriol Vinyals and Pete Warden and M. Wattenberg and Martin Wicke and Yuan Yu and X. Zheng},
	journal={ArXiv},
	year={2016},
	volume={abs/1603.04467}
}

@article{Najafabadi2014DeepLA,
	title={Deep learning applications and challenges in big data analytics},
	author={M. M. Najafabadi and Flavio Villanustre and T. Khoshgoftaar and Naeem Seliya and Randall Wald and Edin A. Muharemagic},
	journal={Journal of Big Data},
	year={2014},
	volume={2},
	pages={1-21}
}

@article{Papernot2016TowardsTS,
	title={Towards the Science of Security and Privacy in Machine Learning},
	author={Nicolas Papernot and P. Mcdaniel and Arunesh Sinha and Michael P. Wellman},
	journal={ArXiv},
	year={2016},
	volume={abs/1611.03814}
}

@inproceedings{Grosse2017AdversarialEF,
	title={Adversarial Examples for Malware Detection},
	author={Kathrin Grosse and Nicolas Papernot and Praveen Manoharan and M. Backes and P. Mcdaniel},
	booktitle={ESORICS},
	year={2017}
}

@article{Mnih2015HumanlevelCT,
	title={Human-level control through deep reinforcement learning},
	author={V. Mnih and K. Kavukcuoglu and D. Silver and Andrei A. Rusu and J. Veness and Marc G. Bellemare and A. Graves and Martin A. Riedmiller and A. Fidjeland and Georg Ostrovski and Stig Petersen and Charlie Beattie and A. Sadik and Ioannis Antonoglou and Helen King and D. Kumaran and Daan Wierstra and S. Legg and D. Hassabis},
	journal={Nature},
	year={2015},
	volume={518},
	pages={529-533}
}

@article{Giusti2016AML,
	title={A Machine Learning Approach to Visual Perception of Forest Trails for Mobile Robots},
	author={A. Giusti and J{\'e}r{\^o}me Guzzi and D. Ciresan and Fangwei He and Juan P. Rodr{\'i}guez and Flavio Fontana and M. Faessler and Christian Forster and J. Schmidhuber and G. D. Caro and D. Scaramuzza and L. Gambardella},
	journal={IEEE Robotics and Automation Letters},
	year={2016},
	volume={1},
	pages={661-667}
}

@inproceedings{Goodfellow2014GenerativeAN,
	title={Generative Adversarial Nets},
	author={I. Goodfellow and Jean Pouget-Abadie and Mehdi Mirza and Bing Xu and David Warde-Farley and Sherjil Ozair and Aaron C. Courville and Yoshua Bengio},
	booktitle={NIPS},
	year={2014}
}

@article{Xiao2018GeneratingAE,
	title={Generating Adversarial Examples with Adversarial Networks},
	author={Chaowei Xiao and Bo Li and Jun-Yan Zhu and Warren He and M. Liu and D. Song},
	journal={ArXiv},
	year={2018},
	volume={abs/1801.02610}
}

@article{Goodfellow2015ExplainingAH,
	title={Explaining and Harnessing Adversarial Examples},
	author={I. Goodfellow and Jonathon Shlens and Christian Szegedy},
	journal={CoRR},
	year={2015},
	volume={abs/1412.6572}
}

@article{Madry2018TowardsDL,
	title={Towards Deep Learning Models Resistant to Adversarial Attacks},
	author={A. Madry and Aleksandar Makelov and Ludwig Schmidt and D. Tsipras and Adrian Vladu},
	journal={ArXiv},
	year={2018},
	volume={abs/1706.06083}
}

@article{Kurakin2017AdversarialEI,
	title={Adversarial examples in the physical world},
	author={A. Kurakin and I. Goodfellow and Samy Bengio},
	journal={ArXiv},
	year={2017},
	volume={abs/1607.02533}
}

@article{Su2019OnePA,
	title={One Pixel Attack for Fooling Deep Neural Networks},
	author={Jiawei Su and Danilo Vasconcellos Vargas and K. Sakurai},
	journal={IEEE Transactions on Evolutionary Computation},
	year={2019},
	volume={23},
	pages={828-841}
}

@article{Kurakin2017AdversarialML,
	title={Adversarial Machine Learning at Scale},
	author={A. Kurakin and I. Goodfellow and Samy Bengio},
	journal={ArXiv},
	year={2017},
	volume={abs/1611.01236}
}

@article{Carlini2017TowardsET,
	title={Towards Evaluating the Robustness of Neural Networks},
	author={Nicholas Carlini and David A. Wagner},
	journal={2017 IEEE Symposium on Security and Privacy (SP)},
	year={2017},
	pages={39-57}
}

@article{MoosaviDezfooli2016DeepFoolAS,
	title={DeepFool: A Simple and Accurate Method to Fool Deep Neural Networks},
	author={Seyed-Mohsen Moosavi-Dezfooli and Alhussein Fawzi and P. Frossard},
	journal={2016 IEEE Conference on Computer Vision and Pattern Recognition (CVPR)},
	year={2016},
	pages={2574-2582}
}

@online{whatisGAN,
	author={محمد پویا ملک},
	title={شبکه GAN چیست ؟},
	date={2019-10},
	url={https://iran-machinelearning.ir/generative-adversarial-networks/}
}